%YAML 1.1
%TAG !u! tag:unity3d.com,2011:
--- !u!1 &544986501852732666
GameObject:
  m_ObjectHideFlags: 0
  m_CorrespondingSourceObject: {fileID: 0}
  m_PrefabInstance: {fileID: 0}
  m_PrefabAsset: {fileID: 0}
  serializedVersion: 6
  m_Component:
  - component: {fileID: 544986501852732664}
  - component: {fileID: 544986501852732665}
  - component: {fileID: 544986501852732671}
  m_Layer: 9
  m_Name: Teleport_Eye
  m_TagString: Untagged
  m_Icon: {fileID: 0}
  m_NavMeshLayer: 0
  m_StaticEditorFlags: 0
  m_IsActive: 1
--- !u!4 &544986501852732664
Transform:
  m_ObjectHideFlags: 0
  m_CorrespondingSourceObject: {fileID: 0}
  m_PrefabInstance: {fileID: 0}
  m_PrefabAsset: {fileID: 0}
  m_GameObject: {fileID: 544986501852732666}
  m_LocalRotation: {x: -0, y: -0, z: -0, w: 1}
  m_LocalPosition: {x: 0.8326416, y: 5.7983103, z: 3.2265625}
  m_LocalScale: {x: 1, y: 1, z: 1}
  m_Children: []
  m_Father: {fileID: 544986502050763655}
  m_RootOrder: 1
  m_LocalEulerAnglesHint: {x: 0, y: 0, z: 0}
--- !u!212 &544986501852732665
SpriteRenderer:
  m_ObjectHideFlags: 0
  m_CorrespondingSourceObject: {fileID: 0}
  m_PrefabInstance: {fileID: 0}
  m_PrefabAsset: {fileID: 0}
  m_GameObject: {fileID: 544986501852732666}
  m_Enabled: 1
  m_CastShadows: 0
  m_ReceiveShadows: 0
  m_DynamicOccludee: 1
  m_MotionVectors: 1
  m_LightProbeUsage: 1
  m_ReflectionProbeUsage: 1
  m_RenderingLayerMask: 1
  m_RendererPriority: 0
  m_Materials:
  - {fileID: 10754, guid: 0000000000000000f000000000000000, type: 0}
  m_StaticBatchInfo:
    firstSubMesh: 0
    subMeshCount: 0
  m_StaticBatchRoot: {fileID: 0}
  m_ProbeAnchor: {fileID: 0}
  m_LightProbeVolumeOverride: {fileID: 0}
  m_ScaleInLightmap: 1
  m_PreserveUVs: 0
  m_IgnoreNormalsForChartDetection: 0
  m_ImportantGI: 0
  m_StitchLightmapSeams: 1
  m_SelectedEditorRenderState: 0
  m_MinimumChartSize: 4
  m_AutoUVMaxDistance: 0.5
  m_AutoUVMaxAngle: 89
  m_LightmapParameters: {fileID: 0}
  m_SortingLayerID: -447092765
  m_SortingLayer: 11
  m_SortingOrder: 3
  m_Sprite: {fileID: -5443758139734159693, guid: 5e3de496010a5f34f9dde9c66e5d8c0e,
    type: 3}
  m_Color: {r: 1, g: 1, b: 1, a: 1}
  m_FlipX: 0
  m_FlipY: 0
  m_DrawMode: 0
  m_Size: {x: 0.98, y: 1.0300001}
  m_AdaptiveModeThreshold: 0.5
  m_SpriteTileMode: 0
  m_WasSpriteAssigned: 1
  m_MaskInteraction: 0
  m_SpriteSortPoint: 0
--- !u!114 &544986501852732671
MonoBehaviour:
  m_ObjectHideFlags: 0
  m_CorrespondingSourceObject: {fileID: 0}
  m_PrefabInstance: {fileID: 0}
  m_PrefabAsset: {fileID: 0}
  m_GameObject: {fileID: 544986501852732666}
  m_Enabled: 1
  m_EditorHideFlags: 0
  m_Script: {fileID: 11500000, guid: 993bb863db8260740ab296fe7225d469, type: 3}
  m_Name: 
  m_EditorClassIdentifier: 
  pupil: {fileID: 544986501852732666}
  pupilsSpeed: 5
  pupilsRadius: 0.2
  detectionDistance: 6.38
--- !u!1 &544986502050763648
GameObject:
  m_ObjectHideFlags: 0
  m_CorrespondingSourceObject: {fileID: 0}
  m_PrefabInstance: {fileID: 0}
  m_PrefabAsset: {fileID: 0}
  serializedVersion: 6
  m_Component:
  - component: {fileID: 544986502050763655}
  - component: {fileID: 696389010}
  - component: {fileID: 696389011}
  - component: {fileID: 290932843899069719}
  m_Layer: 9
  m_Name: Teleport Character
  m_TagString: Untagged
  m_Icon: {fileID: 0}
  m_NavMeshLayer: 0
  m_StaticEditorFlags: 0
  m_IsActive: 1
--- !u!4 &544986502050763655
Transform:
  m_ObjectHideFlags: 0
  m_CorrespondingSourceObject: {fileID: 0}
  m_PrefabInstance: {fileID: 0}
  m_PrefabAsset: {fileID: 0}
  m_GameObject: {fileID: 544986502050763648}
  m_LocalRotation: {x: 0, y: 0, z: 0, w: 1}
  m_LocalPosition: {x: 0.11, y: -1.99, z: -3.2265625}
  m_LocalScale: {x: 0.3, y: 0.3, z: 0.3}
  m_Children:
  - {fileID: 4275432249416755073}
  - {fileID: 544986501852732664}
  - {fileID: 544986502399101722}
  - {fileID: 8874709445047995855}
  m_Father: {fileID: 0}
  m_RootOrder: 0
  m_LocalEulerAnglesHint: {x: 0, y: 0, z: 0}
--- !u!60 &696389010
PolygonCollider2D:
  m_ObjectHideFlags: 0
  m_CorrespondingSourceObject: {fileID: 0}
  m_PrefabInstance: {fileID: 0}
  m_PrefabAsset: {fileID: 0}
  m_GameObject: {fileID: 544986502050763648}
  m_Enabled: 1
  m_Density: 1
  m_Material: {fileID: 0}
  m_IsTrigger: 0
  m_UsedByEffector: 0
  m_UsedByComposite: 0
  m_Offset: {x: 0, y: 0}
  m_SpriteTilingProperty:
    border: {x: 0, y: 0, z: 0, w: 0}
    pivot: {x: 0, y: 0}
    oldSize: {x: 0, y: 0}
    newSize: {x: 0, y: 0}
    adaptiveTilingThreshold: 0
    drawMode: 0
    adaptiveTiling: 0
  m_AutoTiling: 0
  m_Points:
    m_Paths:
    - - {x: 2.147753, y: 2.5938463}
      - {x: 1.7671888, y: 3.9255602}
      - {x: 1.197189, y: 4.628977}
      - {x: 1.6685307, y: 6.3077226}
      - {x: 0.41214576, y: 6.517611}
      - {x: -0.14863345, y: 6.044204}
      - {x: -1.5889149, y: 6.6339808}
      - {x: -3.6233425, y: 7.0484304}
      - {x: -5.3453197, y: 4.888097}
      - {x: -6.3670187, y: 3.1015432}
      - {x: -5.7339373, y: 2.4311547}
      - {x: -3.7521439, y: 2.5014632}
      - {x: 1.4436665, y: 2.0884807}
      - {x: 1.5913826, y: -4.8243957}
      - {x: -6.122935, y: -4.8654637}
      - {x: -8.239376, y: -6.388998}
      - {x: -5.417795, y: -6.9705567}
      - {x: -0.45700184, y: -7.131963}
      - {x: 2.8742645, y: -6.706137}
      - {x: 3.1734786, y: -6.2246394}
      - {x: 2.654684, y: -5.127957}
      - {x: 2.4434392, y: -1.7016095}
      - {x: 2.2899458, y: -0.41915074}
--- !u!114 &696389011
MonoBehaviour:
  m_ObjectHideFlags: 0
  m_CorrespondingSourceObject: {fileID: 0}
  m_PrefabInstance: {fileID: 0}
  m_PrefabAsset: {fileID: 0}
  m_GameObject: {fileID: 544986502050763648}
  m_Enabled: 1
  m_EditorHideFlags: 0
  m_Script: {fileID: 11500000, guid: 4efbd7b3a0c31514dbc65e3cc6f423c3, type: 3}
  m_Name: 
  m_EditorClassIdentifier: 
  portalTwin: {fileID: 0}
  body: {fileID: 2513224317215780253, guid: a60a60967689b6d4a92894e83cf50375, type: 3}
  offset: 0.7
  myCollider: {fileID: 290932843899069719}
  portalFX: {fileID: 4275432249416755072}
--- !u!61 &290932843899069719
BoxCollider2D:
  m_ObjectHideFlags: 0
  m_CorrespondingSourceObject: {fileID: 0}
  m_PrefabInstance: {fileID: 0}
  m_PrefabAsset: {fileID: 0}
  m_GameObject: {fileID: 544986502050763648}
  m_Enabled: 1
  m_Density: 1
  m_Material: {fileID: 0}
  m_IsTrigger: 1
  m_UsedByEffector: 0
  m_UsedByComposite: 0
  m_Offset: {x: 0.5894567, y: -4.972748}
  m_SpriteTilingProperty:
    border: {x: 0, y: 0, z: 0, w: 0}
    pivot: {x: 0, y: 0}
    oldSize: {x: 0, y: 0}
    newSize: {x: 0, y: 0}
    adaptiveTilingThreshold: 0
    drawMode: 0
    adaptiveTiling: 0
  m_AutoTiling: 0
  serializedVersion: 2
  m_Size: {x: 1.9607499, y: 1.2773628}
  m_EdgeRadius: 0
--- !u!1 &544986502399101716
GameObject:
  m_ObjectHideFlags: 0
  m_CorrespondingSourceObject: {fileID: 0}
  m_PrefabInstance: {fileID: 0}
  m_PrefabAsset: {fileID: 0}
  serializedVersion: 6
  m_Component:
  - component: {fileID: 544986502399101722}
  - component: {fileID: 544986502399101723}
  m_Layer: 9
  m_Name: Teleport_Body
  m_TagString: Untagged
  m_Icon: {fileID: 0}
  m_NavMeshLayer: 0
  m_StaticEditorFlags: 0
  m_IsActive: 1
--- !u!4 &544986502399101722
Transform:
  m_ObjectHideFlags: 0
  m_CorrespondingSourceObject: {fileID: 0}
  m_PrefabInstance: {fileID: 0}
  m_PrefabAsset: {fileID: 0}
  m_GameObject: {fileID: 544986502399101716}
  m_LocalRotation: {x: -0, y: -0, z: -0, w: 1}
  m_LocalPosition: {x: -1.9322331, y: -0.4045658, z: 3.2265625}
  m_LocalScale: {x: 1, y: 1, z: 1}
  m_Children: []
  m_Father: {fileID: 544986502050763655}
  m_RootOrder: 2
  m_LocalEulerAnglesHint: {x: 0, y: 0, z: 0}
--- !u!212 &544986502399101723
SpriteRenderer:
  m_ObjectHideFlags: 0
  m_CorrespondingSourceObject: {fileID: 0}
  m_PrefabInstance: {fileID: 0}
  m_PrefabAsset: {fileID: 0}
  m_GameObject: {fileID: 544986502399101716}
  m_Enabled: 1
  m_CastShadows: 0
  m_ReceiveShadows: 0
  m_DynamicOccludee: 1
  m_MotionVectors: 1
  m_LightProbeUsage: 1
  m_ReflectionProbeUsage: 1
  m_RenderingLayerMask: 1
  m_RendererPriority: 0
  m_Materials:
  - {fileID: 10754, guid: 0000000000000000f000000000000000, type: 0}
  m_StaticBatchInfo:
    firstSubMesh: 0
    subMeshCount: 0
  m_StaticBatchRoot: {fileID: 0}
  m_ProbeAnchor: {fileID: 0}
  m_LightProbeVolumeOverride: {fileID: 0}
  m_ScaleInLightmap: 1
  m_PreserveUVs: 0
  m_IgnoreNormalsForChartDetection: 0
  m_ImportantGI: 0
  m_StitchLightmapSeams: 1
  m_SelectedEditorRenderState: 0
  m_MinimumChartSize: 4
  m_AutoUVMaxDistance: 0.5
  m_AutoUVMaxAngle: 89
  m_LightmapParameters: {fileID: 0}
  m_SortingLayerID: -447092765
  m_SortingLayer: 11
  m_SortingOrder: 2
  m_Sprite: {fileID: -4956588088775609475, guid: 5e3de496010a5f34f9dde9c66e5d8c0e,
    type: 3}
  m_Color: {r: 1, g: 1, b: 1, a: 1}
  m_FlipX: 0
  m_FlipY: 0
  m_DrawMode: 0
  m_Size: {x: 12.549999, y: 14.9800005}
  m_AdaptiveModeThreshold: 0.5
  m_SpriteTileMode: 0
  m_WasSpriteAssigned: 1
  m_MaskInteraction: 0
  m_SpriteSortPoint: 0
--- !u!1 &5445515866519606868
GameObject:
  m_ObjectHideFlags: 0
  m_CorrespondingSourceObject: {fileID: 0}
  m_PrefabInstance: {fileID: 0}
  m_PrefabAsset: {fileID: 0}
  serializedVersion: 6
  m_Component:
  - component: {fileID: 8874709445047995855}
  - component: {fileID: 1006115244841718432}
  m_Layer: 0
  m_Name: Teleport Floor
  m_TagString: Untagged
  m_Icon: {fileID: 0}
  m_NavMeshLayer: 0
  m_StaticEditorFlags: 0
  m_IsActive: 1
--- !u!4 &8874709445047995855
Transform:
  m_ObjectHideFlags: 0
  m_CorrespondingSourceObject: {fileID: 0}
  m_PrefabInstance: {fileID: 0}
  m_PrefabAsset: {fileID: 0}
  m_GameObject: {fileID: 5445515866519606868}
  m_LocalRotation: {x: 0, y: 0, z: 0, w: 1}
  m_LocalPosition: {x: -2.26, y: -2.9, z: 0}
  m_LocalScale: {x: 1, y: 1, z: 1}
  m_Children: []
  m_Father: {fileID: 544986502050763655}
  m_RootOrder: 3
  m_LocalEulerAnglesHint: {x: 0, y: 0, z: 0}
--- !u!212 &1006115244841718432
SpriteRenderer:
  m_ObjectHideFlags: 0
  m_CorrespondingSourceObject: {fileID: 0}
  m_PrefabInstance: {fileID: 0}
  m_PrefabAsset: {fileID: 0}
  m_GameObject: {fileID: 5445515866519606868}
  m_Enabled: 1
  m_CastShadows: 0
  m_ReceiveShadows: 0
  m_DynamicOccludee: 1
  m_MotionVectors: 1
  m_LightProbeUsage: 1
  m_ReflectionProbeUsage: 1
  m_RenderingLayerMask: 1
  m_RendererPriority: 0
  m_Materials:
  - {fileID: 10754, guid: 0000000000000000f000000000000000, type: 0}
  m_StaticBatchInfo:
    firstSubMesh: 0
    subMeshCount: 0
  m_StaticBatchRoot: {fileID: 0}
  m_ProbeAnchor: {fileID: 0}
  m_LightProbeVolumeOverride: {fileID: 0}
  m_ScaleInLightmap: 1
  m_PreserveUVs: 0
  m_IgnoreNormalsForChartDetection: 0
  m_ImportantGI: 0
  m_StitchLightmapSeams: 1
  m_SelectedEditorRenderState: 0
  m_MinimumChartSize: 4
  m_AutoUVMaxDistance: 0.5
  m_AutoUVMaxAngle: 89
  m_LightmapParameters: {fileID: 0}
  m_SortingLayerID: -1306498865
  m_SortingLayer: 7
  m_SortingOrder: 0
  m_Sprite: {fileID: 8326086776448350952, guid: 9e173866f2891df42929d115b98ab124,
    type: 3}
  m_Color: {r: 1, g: 1, b: 1, a: 1}
  m_FlipX: 0
  m_FlipY: 0
  m_DrawMode: 0
  m_Size: {x: 7.47, y: 5.72}
  m_AdaptiveModeThreshold: 0.5
  m_SpriteTileMode: 0
  m_WasSpriteAssigned: 1
  m_MaskInteraction: 0
  m_SpriteSortPoint: 0
--- !u!1001 &2867367071903072818
PrefabInstance:
  m_ObjectHideFlags: 0
  serializedVersion: 2
  m_Modification:
    m_TransformParent: {fileID: 544986502050763655}
    m_Modifications:
    - target: {fileID: 2062523089435190708, guid: 0aa0f8d7382ddbf41a3783a345eff487,
        type: 3}
      propertyPath: m_Name
      value: Electricity
      objectReference: {fileID: 0}
    - target: {fileID: 2062523089435190707, guid: 0aa0f8d7382ddbf41a3783a345eff487,
        type: 3}
      propertyPath: m_LocalPosition.x
      value: -2.42
      objectReference: {fileID: 0}
    - target: {fileID: 2062523089435190707, guid: 0aa0f8d7382ddbf41a3783a345eff487,
        type: 3}
      propertyPath: m_LocalPosition.y
      value: -5.34
      objectReference: {fileID: 0}
    - target: {fileID: 2062523089435190707, guid: 0aa0f8d7382ddbf41a3783a345eff487,
        type: 3}
      propertyPath: m_LocalPosition.z
      value: -1.6278862
      objectReference: {fileID: 0}
    - target: {fileID: 2062523089435190707, guid: 0aa0f8d7382ddbf41a3783a345eff487,
        type: 3}
      propertyPath: m_LocalRotation.x
      value: -0
      objectReference: {fileID: 0}
    - target: {fileID: 2062523089435190707, guid: 0aa0f8d7382ddbf41a3783a345eff487,
        type: 3}
      propertyPath: m_LocalRotation.y
      value: -0
      objectReference: {fileID: 0}
    - target: {fileID: 2062523089435190707, guid: 0aa0f8d7382ddbf41a3783a345eff487,
        type: 3}
      propertyPath: m_LocalRotation.z
      value: -0
      objectReference: {fileID: 0}
    - target: {fileID: 2062523089435190707, guid: 0aa0f8d7382ddbf41a3783a345eff487,
        type: 3}
      propertyPath: m_LocalRotation.w
      value: 1
      objectReference: {fileID: 0}
    - target: {fileID: 2062523089435190707, guid: 0aa0f8d7382ddbf41a3783a345eff487,
        type: 3}
      propertyPath: m_RootOrder
      value: 0
      objectReference: {fileID: 0}
    - target: {fileID: 2062523089435190707, guid: 0aa0f8d7382ddbf41a3783a345eff487,
        type: 3}
      propertyPath: m_LocalEulerAnglesHint.x
      value: 0
      objectReference: {fileID: 0}
    - target: {fileID: 2062523089435190707, guid: 0aa0f8d7382ddbf41a3783a345eff487,
        type: 3}
      propertyPath: m_LocalEulerAnglesHint.y
      value: 0
      objectReference: {fileID: 0}
    - target: {fileID: 2062523089435190707, guid: 0aa0f8d7382ddbf41a3783a345eff487,
        type: 3}
      propertyPath: m_LocalEulerAnglesHint.z
      value: 0
      objectReference: {fileID: 0}
    - target: {fileID: 2062523089435190706, guid: 0aa0f8d7382ddbf41a3783a345eff487,
        type: 3}
      propertyPath: playOnAwake
      value: 0
      objectReference: {fileID: 0}
    m_RemovedComponents: []
  m_SourcePrefab: {fileID: 100100000, guid: 0aa0f8d7382ddbf41a3783a345eff487, type: 3}
--- !u!4 &4275432249416755073 stripped
Transform:
  m_CorrespondingSourceObject: {fileID: 2062523089435190707, guid: 0aa0f8d7382ddbf41a3783a345eff487,
    type: 3}
  m_PrefabInstance: {fileID: 2867367071903072818}
  m_PrefabAsset: {fileID: 0}
--- !u!198 &4275432249416755072 stripped
ParticleSystem:
  m_CorrespondingSourceObject: {fileID: 2062523089435190706, guid: 0aa0f8d7382ddbf41a3783a345eff487,
    type: 3}
  m_PrefabInstance: {fileID: 2867367071903072818}
  m_PrefabAsset: {fileID: 0}
