%YAML 1.1
%TAG !u! tag:unity3d.com,2011:
--- !u!1 &4670555943948800936
GameObject:
  m_ObjectHideFlags: 0
  m_CorrespondingSourceObject: {fileID: 0}
  m_PrefabInstance: {fileID: 0}
  m_PrefabAsset: {fileID: 0}
  serializedVersion: 6
  m_Component:
  - component: {fileID: 4670555943948800931}
  - component: {fileID: 4670555943948800932}
  - component: {fileID: 4670555943948800934}
  - component: {fileID: 8050779364384680893}
  - component: {fileID: -1138360359463074198}
  m_Layer: 8
  m_Name: Player
  m_TagString: Player
  m_Icon: {fileID: 0}
  m_NavMeshLayer: 0
  m_StaticEditorFlags: 0
  m_IsActive: 1
--- !u!4 &4670555943948800931
Transform:
  m_ObjectHideFlags: 0
  m_CorrespondingSourceObject: {fileID: 0}
  m_PrefabInstance: {fileID: 0}
  m_PrefabAsset: {fileID: 0}
  m_GameObject: {fileID: 4670555943948800936}
  m_LocalRotation: {x: 0, y: 0, z: 0, w: 1}
  m_LocalPosition: {x: 0, y: 0, z: 0}
  m_LocalScale: {x: 1, y: 1, z: 1}
  m_Children:
  - {fileID: 4808595439406867032}
  m_Father: {fileID: 0}
  m_RootOrder: 0
  m_LocalEulerAnglesHint: {x: 0, y: 0, z: 0}
--- !u!114 &4670555943948800932
MonoBehaviour:
  m_ObjectHideFlags: 0
  m_CorrespondingSourceObject: {fileID: 0}
  m_PrefabInstance: {fileID: 0}
  m_PrefabAsset: {fileID: 0}
  m_GameObject: {fileID: 4670555943948800936}
  m_Enabled: 1
  m_EditorHideFlags: 0
  m_Script: {fileID: 11500000, guid: da547b90c5c8e42418e7fd9fdd109703, type: 3}
  m_Name: 
  m_EditorClassIdentifier: 
  speed: 5
  alive: 1
  maxJumpTime: 1
  teleportDuration: 2
  switchDuration: 8.5
  bodyCollider: {fileID: 0}
  feetCollider: {fileID: -1138360359463074198}
  isJumping: 0
  body: {fileID: 0}
--- !u!50 &4670555943948800934
Rigidbody2D:
  serializedVersion: 4
  m_ObjectHideFlags: 0
  m_CorrespondingSourceObject: {fileID: 0}
  m_PrefabInstance: {fileID: 0}
  m_PrefabAsset: {fileID: 0}
  m_GameObject: {fileID: 4670555943948800936}
  m_BodyType: 0
  m_Simulated: 1
  m_UseFullKinematicContacts: 0
  m_UseAutoMass: 0
  m_Mass: 1
  m_LinearDrag: 0
  m_AngularDrag: 0
  m_GravityScale: 0
  m_Material: {fileID: 0}
  m_Interpolate: 0
  m_SleepingMode: 1
  m_CollisionDetection: 1
  m_Constraints: 4
--- !u!61 &8050779364384680893
BoxCollider2D:
  m_ObjectHideFlags: 0
  m_CorrespondingSourceObject: {fileID: 0}
  m_PrefabInstance: {fileID: 0}
  m_PrefabAsset: {fileID: 0}
  m_GameObject: {fileID: 4670555943948800936}
  m_Enabled: 1
  m_Density: 1
  m_Material: {fileID: 0}
  m_IsTrigger: 0
  m_UsedByEffector: 0
  m_UsedByComposite: 0
  m_Offset: {x: 0.065489054, y: 0.050649554}
  m_SpriteTilingProperty:
    border: {x: 0, y: 0, z: 0, w: 0}
    pivot: {x: 0, y: 0}
    oldSize: {x: 0, y: 0}
    newSize: {x: 0, y: 0}
    adaptiveTilingThreshold: 0
    drawMode: 0
    adaptiveTiling: 0
  m_AutoTiling: 0
  serializedVersion: 2
  m_Size: {x: 0.8801198, y: 0.49585998}
  m_EdgeRadius: 0
--- !u!61 &-1138360359463074198
BoxCollider2D:
  m_ObjectHideFlags: 0
  m_CorrespondingSourceObject: {fileID: 0}
  m_PrefabInstance: {fileID: 0}
  m_PrefabAsset: {fileID: 0}
  m_GameObject: {fileID: 4670555943948800936}
  m_Enabled: 1
  m_Density: 1
  m_Material: {fileID: 0}
  m_IsTrigger: 0
  m_UsedByEffector: 0
  m_UsedByComposite: 0
  m_Offset: {x: -0.16277719, y: -0.2924627}
  m_SpriteTilingProperty:
    border: {x: 0, y: 0, z: 0, w: 0}
    pivot: {x: 0.5, y: 0.5}
    oldSize: {x: 1.166, y: 2.056}
    newSize: {x: 2.2, y: 3.22}
    adaptiveTilingThreshold: 0.5
    drawMode: 0
    adaptiveTiling: 0
  m_AutoTiling: 0
  serializedVersion: 2
  m_Size: {x: 0.6690116, y: 0.0791738}
  m_EdgeRadius: 0
--- !u!1001 &6943235748395864003
PrefabInstance:
  m_ObjectHideFlags: 0
  serializedVersion: 2
  m_Modification:
    m_TransformParent: {fileID: 4670555943948800931}
    m_Modifications:
    - target: {fileID: 2513224317215780251, guid: a60a60967689b6d4a92894e83cf50375,
        type: 3}
      propertyPath: m_LocalPosition.x
      value: 0
      objectReference: {fileID: 0}
    - target: {fileID: 2513224317215780251, guid: a60a60967689b6d4a92894e83cf50375,
        type: 3}
      propertyPath: m_LocalPosition.y
      value: 0
      objectReference: {fileID: 0}
    - target: {fileID: 2513224317215780251, guid: a60a60967689b6d4a92894e83cf50375,
        type: 3}
      propertyPath: m_LocalPosition.z
      value: 0
      objectReference: {fileID: 0}
    - target: {fileID: 2513224317215780251, guid: a60a60967689b6d4a92894e83cf50375,
        type: 3}
      propertyPath: m_LocalRotation.x
      value: 0
      objectReference: {fileID: 0}
    - target: {fileID: 2513224317215780251, guid: a60a60967689b6d4a92894e83cf50375,
        type: 3}
      propertyPath: m_LocalRotation.y
      value: 0
      objectReference: {fileID: 0}
    - target: {fileID: 2513224317215780251, guid: a60a60967689b6d4a92894e83cf50375,
        type: 3}
      propertyPath: m_LocalRotation.z
      value: 0
      objectReference: {fileID: 0}
    - target: {fileID: 2513224317215780251, guid: a60a60967689b6d4a92894e83cf50375,
        type: 3}
      propertyPath: m_LocalRotation.w
      value: 1
      objectReference: {fileID: 0}
    - target: {fileID: 2513224317215780251, guid: a60a60967689b6d4a92894e83cf50375,
        type: 3}
      propertyPath: m_RootOrder
      value: 0
      objectReference: {fileID: 0}
    - target: {fileID: 2513224317215780251, guid: a60a60967689b6d4a92894e83cf50375,
        type: 3}
      propertyPath: m_LocalEulerAnglesHint.x
      value: 0
      objectReference: {fileID: 0}
    - target: {fileID: 2513224317215780251, guid: a60a60967689b6d4a92894e83cf50375,
        type: 3}
      propertyPath: m_LocalEulerAnglesHint.y
      value: 0
      objectReference: {fileID: 0}
    - target: {fileID: 2513224317215780251, guid: a60a60967689b6d4a92894e83cf50375,
        type: 3}
      propertyPath: m_LocalEulerAnglesHint.z
      value: 0
      objectReference: {fileID: 0}
    - target: {fileID: 2513224317215780251, guid: a60a60967689b6d4a92894e83cf50375,
        type: 3}
      propertyPath: m_LocalScale.x
      value: 0.11791195
      objectReference: {fileID: 0}
    - target: {fileID: 2513224317215780251, guid: a60a60967689b6d4a92894e83cf50375,
        type: 3}
      propertyPath: m_LocalScale.y
      value: 0.11791195
      objectReference: {fileID: 0}
    - target: {fileID: 2513224317215780251, guid: a60a60967689b6d4a92894e83cf50375,
        type: 3}
      propertyPath: m_LocalScale.z
      value: 0.11791195
      objectReference: {fileID: 0}
    - target: {fileID: 2513224317215780253, guid: a60a60967689b6d4a92894e83cf50375,
        type: 3}
      propertyPath: m_Name
      value: Character
      objectReference: {fileID: 0}
    - target: {fileID: 2513224316736284051, guid: a60a60967689b6d4a92894e83cf50375,
        type: 3}
      propertyPath: m_Color.r
      value: 0
      objectReference: {fileID: 0}
    - target: {fileID: 2513224316736284051, guid: a60a60967689b6d4a92894e83cf50375,
        type: 3}
      propertyPath: m_Color.b
      value: 0
      objectReference: {fileID: 0}
    - target: {fileID: 2513224316064241657, guid: a60a60967689b6d4a92894e83cf50375,
        type: 3}
      propertyPath: m_Color.r
      value: 0
      objectReference: {fileID: 0}
    - target: {fileID: 2513224316064241657, guid: a60a60967689b6d4a92894e83cf50375,
        type: 3}
      propertyPath: m_Color.b
      value: 0
      objectReference: {fileID: 0}
    - target: {fileID: 2513224316799792993, guid: a60a60967689b6d4a92894e83cf50375,
        type: 3}
      propertyPath: m_Color.r
      value: 0
      objectReference: {fileID: 0}
    - target: {fileID: 2513224316799792993, guid: a60a60967689b6d4a92894e83cf50375,
        type: 3}
      propertyPath: m_Color.b
      value: 0
      objectReference: {fileID: 0}
    - target: {fileID: 2513224316173958778, guid: a60a60967689b6d4a92894e83cf50375,
        type: 3}
      propertyPath: m_Color.r
      value: 0
      objectReference: {fileID: 0}
    - target: {fileID: 2513224316173958778, guid: a60a60967689b6d4a92894e83cf50375,
        type: 3}
      propertyPath: m_Color.b
      value: 0
      objectReference: {fileID: 0}
    - target: {fileID: 2513224316505159908, guid: a60a60967689b6d4a92894e83cf50375,
        type: 3}
      propertyPath: m_Color.r
      value: 0
      objectReference: {fileID: 0}
    - target: {fileID: 2513224316505159908, guid: a60a60967689b6d4a92894e83cf50375,
        type: 3}
      propertyPath: m_Color.b
      value: 0
      objectReference: {fileID: 0}
    - target: {fileID: 2513224315724777799, guid: a60a60967689b6d4a92894e83cf50375,
        type: 3}
      propertyPath: m_Color.r
      value: 0
      objectReference: {fileID: 0}
    - target: {fileID: 2513224315724777799, guid: a60a60967689b6d4a92894e83cf50375,
        type: 3}
      propertyPath: m_Color.b
      value: 0
      objectReference: {fileID: 0}
    - target: {fileID: 2513224317509960998, guid: a60a60967689b6d4a92894e83cf50375,
        type: 3}
      propertyPath: m_Color.r
      value: 0
      objectReference: {fileID: 0}
    - target: {fileID: 2513224317509960998, guid: a60a60967689b6d4a92894e83cf50375,
        type: 3}
      propertyPath: m_Color.b
      value: 0
      objectReference: {fileID: 0}
    - target: {fileID: 2513224316892770942, guid: a60a60967689b6d4a92894e83cf50375,
        type: 3}
      propertyPath: m_Color.r
      value: 0
      objectReference: {fileID: 0}
    - target: {fileID: 2513224316892770942, guid: a60a60967689b6d4a92894e83cf50375,
        type: 3}
      propertyPath: m_Color.b
      value: 0
      objectReference: {fileID: 0}
    - target: {fileID: 2513224316749296873, guid: a60a60967689b6d4a92894e83cf50375,
        type: 3}
      propertyPath: m_Color.r
      value: 0
      objectReference: {fileID: 0}
    - target: {fileID: 2513224316749296873, guid: a60a60967689b6d4a92894e83cf50375,
        type: 3}
      propertyPath: m_Color.b
      value: 0
      objectReference: {fileID: 0}
    - target: {fileID: 2513224316204820475, guid: a60a60967689b6d4a92894e83cf50375,
        type: 3}
      propertyPath: m_Color.r
      value: 0
      objectReference: {fileID: 0}
    - target: {fileID: 2513224316204820475, guid: a60a60967689b6d4a92894e83cf50375,
        type: 3}
      propertyPath: m_Color.b
      value: 0
      objectReference: {fileID: 0}
    - target: {fileID: 2513224316058699295, guid: a60a60967689b6d4a92894e83cf50375,
        type: 3}
      propertyPath: m_Color.r
      value: 0
      objectReference: {fileID: 0}
    - target: {fileID: 2513224316058699295, guid: a60a60967689b6d4a92894e83cf50375,
        type: 3}
      propertyPath: m_Color.b
      value: 0
      objectReference: {fileID: 0}
    - target: {fileID: 2513224317130062411, guid: a60a60967689b6d4a92894e83cf50375,
        type: 3}
      propertyPath: m_Color.r
      value: 0
      objectReference: {fileID: 0}
    - target: {fileID: 2513224317130062411, guid: a60a60967689b6d4a92894e83cf50375,
        type: 3}
      propertyPath: m_Color.b
      value: 0
      objectReference: {fileID: 0}
    - target: {fileID: 2513224316455378204, guid: a60a60967689b6d4a92894e83cf50375,
        type: 3}
      propertyPath: m_Color.r
      value: 0
      objectReference: {fileID: 0}
    - target: {fileID: 2513224316455378204, guid: a60a60967689b6d4a92894e83cf50375,
        type: 3}
      propertyPath: m_Color.b
      value: 0
      objectReference: {fileID: 0}
    - target: {fileID: 8966983456347540592, guid: a60a60967689b6d4a92894e83cf50375,
        type: 3}
      propertyPath: m_SortingLayerID
      value: 1923219299
      objectReference: {fileID: 0}
    - target: {fileID: 8966983456347540592, guid: a60a60967689b6d4a92894e83cf50375,
        type: 3}
      propertyPath: m_SortingLayer
      value: 8
      objectReference: {fileID: 0}
    m_RemovedComponents: []
  m_SourcePrefab: {fileID: 100100000, guid: a60a60967689b6d4a92894e83cf50375, type: 3}
--- !u!4 &4808595439406867032 stripped
Transform:
  m_CorrespondingSourceObject: {fileID: 2513224317215780251, guid: a60a60967689b6d4a92894e83cf50375,
    type: 3}
  m_PrefabInstance: {fileID: 6943235748395864003}
  m_PrefabAsset: {fileID: 0}
